<?xml version="1.0" encoding="UTF-8"?><collection xmlns="http://www.loc.gov/MARC21/slim"><record><leader>00604nam--2200193-u-4500</leader><controlfield tag="001">000053243</controlfield><controlfield tag="002">20161230</controlfield><controlfield tag="005">20161230201051</controlfield><controlfield tag="008">110113s1000------------r-----000-0-rum-d</controlfield><datafield ind1=" " ind2=" " tag="040"><subfield code="a">IFIN-HH</subfield></datafield><datafield ind1=" " ind2=" " tag="041"><subfield code="a">rum</subfield></datafield><datafield ind1=" " ind2=" " tag="080"><subfield code="a">539.23</subfield></datafield><datafield ind1="1" ind2=" " tag="100"><subfield code="a">Ghica, Corneliu</subfield></datafield><datafield ind1="1" ind2="0" tag="245"><subfield code="a">STUDIUL FILMELOR SUBTIRI DEPUSE PRIN ABLATIE LASER: MANGANATI CU EFECT MAGNETOREZISTIV COLOSAL (La0,6Y0,07Ca0,33MnO3-8)</subfield><subfield code="b">Rezumatul tezei</subfield><subfield code="c">Corneliu ghica</subfield></datafield><datafield ind1=" " ind2=" " tag="260"><subfield code="a">Bucuresti</subfield><subfield code="b">Ifa</subfield><subfield code="c">2001</subfield></datafield><datafield ind1=" " ind2=" " tag="300"><subfield code="a">52P</subfield></datafield><datafield ind1=" " ind2=" " tag="502"><subfield code="a">Coordonator Stiintific: Dr. Ion N. Mihailescu</subfield></datafield><datafield ind1=" " ind2=" " tag="852"><subfield code="a">81276</subfield><subfield code="c">539.23</subfield></datafield><datafield ind1=" " ind2=" " tag="CAT"><subfield code="a">Sys</subfield><subfield code="c">20110113</subfield><subfield code="h">105212</subfield></datafield></record></collection>